@InProceedings{LISON16.947,
  author = {Pierre Lison and Jörg Tiedemann},
  title = {{OpenSubtitles2016: Extracting Large Parallel Corpora from Movie and TV Subtitles}},
  booktitle = {Proceedings of the Tenth International Conference on Language Resources and Evaluation (LREC 2016)},
  year = {2016},
  month = {may},
  date = {23-28},
  location = {Portorož, Slovenia},
  publisher = {European Language Resources Association (ELRA)},
  address = {Paris, France},
  isbn = {978-2-9517408-9-1},
  language = {english}
}

@InProceedings{TIEDEMANN12.463,
  author = {Jörg Tiedemann},
  title = {Parallel Data, Tools and Interfaces in OPUS},
  booktitle = {Proceedings of the Eight International Conference on Language Resources and Evaluation (LREC'12)},
  year = {2012},
  month = {may},
  date = {23-25},
  address = {Istanbul, Turkey},
  publisher = {European Language Resources Association (ELRA)},
  isbn = {978-2-9517408-7-7},
  language = {english}
}

@article{al2016bi,
  title={{Bi-Text Alignment of Movie Subtitles for Spoken English-Arabic Statistical Machine Translation}},
  author={Al-Obaidli, Fahad and Cox, Stephen and Nakov, Preslav},
  journal={arXiv preprint arXiv:1609.01188},
  year={2016}
}

@article{Och:2003:SCV:778822.778824,
 author = {Och, Franz Josef and Ney, Hermann},
 title = {A Systematic Comparison of Various Statistical Alignment Models},
 journal = {Comput. Linguist.},
 issue_date = {March 2003},
 volume = {29},
 number = {1},
 month = mar,
 year = {2003},
 issn = {0891-2017},
 pages = {19--51},
 numpages = {33},
 url = {http://dx.doi.org/10.1162/089120103321337421},
 doi = {10.1162/089120103321337421},
 acmid = {778824},
 publisher = {MIT Press},
 address = {Cambridge, MA, USA},
}

@article{tiedemann2005optimization,
  title={Optimization of word alignment clues},
  author={Tiedemann, J{\"o}rg},
  journal={Natural language engineering},
  volume={11},
  number={03},
  pages={279--293},
  year={2005},
  publisher={Cambridge Univ Press}
}

@inproceedings{kingsbury2002treebank,
  title={From TreeBank to PropBank.},
  author={Kingsbury, Paul and Palmer, Martha},
  booktitle={LREC},
  pages={1989--1993},
  year={2002},
  organization={Citeseer}
}

@article{bonial2012english,
  title={English propbank annotation guidelines},
  author={Bonial, Claire and Hwang, Jena and Bonn, Julia and Conger, Kathryn and Babko-Malaya, Olga and Palmer, Martha},
  journal={Center for Computational Language and Education Research Institute of Cognitive Science University of Colorado at Boulder},
  year={2012}
}

@inproceedings{meyers2004nombank,
  title={The NomBank project: An interim report},
  author={Meyers, Adam and Reeves, Ruth and Macleod, Catherine and Szekely, Rachel and Zielinska, Veronika and Young, Brian and Grishman, Ralph},
  booktitle={Proceedings of the Workshop Frontiers in Corpus Annotation at HLT-NAACL 2004},
  year={2004}
}

@article{palmer2005proposition,
  title={The proposition bank: An annotated corpus of semantic roles},
  author={Palmer, Martha and Gildea, Daniel and Kingsbury, Paul},
  journal={Computational linguistics},
  volume={31},
  number={1},
  pages={71--106},
  year={2005},
  publisher={MIT press}
}

@inproceedings{baker1998berkeley,
  title={The berkeley framenet project},
  author={Baker, Collin F and Fillmore, Charles J and Lowe, John B},
  booktitle={Proceedings of the 36th Annual Meeting of the Association for Computational Linguistics and 17th International Conference on Computational Linguistics-Volume 1},
  pages={86--90},
  year={1998},
  organization={Association for Computational Linguistics}
}

@article{roth2015context,
  title={{Context-aware Frame-Semantic Role Labeling}},
  author={Roth, Michael and Lapata, Mirella},
  journal={Transactions of the Association for Computational Linguistics},
  volume={3},
  pages={449--460},
  year={2015}
}

@article{das2014frame,
  title={Frame-semantic parsing},
  author={Das, Dipanjan and Chen, Desai and Martins, Andr{\'e} FT and Schneider, Nathan and Smith, Noah A},
  journal={Computational linguistics},
  volume={40},
  number={1},
  pages={9--56},
  year={2014},
  publisher={MIT Press}
}

@inproceedings{hayoun2016hebrew,
  title={The Hebrew FrameNet Project.},
  author={Hayoun, Avi and Elhadad, Michael},
  booktitle={LREC},
  year={2016}
}

@inproceedings{koomen2005generalized,
  title={Generalized inference with multiple semantic role labeling systems},
  author={Koomen, Peter and Punyakanok, Vasin and Roth, Dan and Yih, Wen-tau},
  booktitle={Proceedings of the Ninth Conference on Computational Natural Language Learning},
  pages={181--184},
  year={2005},
  organization={Association for Computational Linguistics}
}

@inproceedings{punyakanok2005generalized,
  title={Generalized inference with multiple semantic role labeling systems},
  author={Punyakanok, Vasin and Koomen, Peter and Roth, Dan and Yih, Wen-tau},
  booktitle={Proceedings of CoNLL},
  year={2005}
}

@inproceedings{candito2014developing,
  title={Developing a french framenet: Methodology and first results},
  author={Candito, Marie and Amsili, Pascal and Barque, Lucie and Benamara, Farah and De Chalendar, Ga{\"e}l and Djemaa, Marianne and Haas, Pauline and Huyghe, Richard and Mathieu, Yvette Yannick and Muller, Philippe and others},
  booktitle={LREC-The 9th edition of the Language Resources and Evaluation Conference},
  year={2014}
}

@inproceedings{subirats2003surprise,
  title={Surprise: Spanish FrameNet},
  author={Subirats, Carlos and Petruck, Miriam},
  booktitle={Proceedings of CIL},
  volume={17},
  pages={188},
  year={2003}
}

@inproceedings{you2005building,
  title={Building chinese framenet database},
  author={You, Liping and Liu, Kaiying},
  booktitle={Natural Language Processing and Knowledge Engineering, 2005. IEEE NLP-KE'05. Proceedings of 2005 IEEE International Conference on},
  pages={301--306},
  year={2005},
  organization={IEEE}
}

@inproceedings{ohara2004japanese,
  title={The japanese framenet project: An introduction},
  author={Ohara, Kyoko Hirose and Fujii, Seiko and Ohori, Toshio and Suzuki, Ryoko and Saito, Hiroaki and Ishizaki, Shun},
  booktitle={Proceedings of LREC-04 Satellite Workshop “Building Lexical Resources from Semantically Annotated Corpora”(LREC 2004)},
  pages={9--11},
  year={2004},
  organization={Citeseer}
}

@inproceedings{nam2014korean,
  title={Korean FrameNet for semantic analysis},
  author={Nam, Sejin and Park, Jungyeul and Kim, Youngsik and Hahm, Younggyun and Hwang, Dosam and Choi, Key-Sun},
  booktitle={Proceedings of the 13th International Semantic Web Conference},
  year={2014}
}

@inproceedings{burchardt2006salsa,
  title={The SALSA corpus: a German corpus resource for lexical semantics},
  author={Burchardt, Aljoscha and Erk, Katrin and Frank, Anette and Kowalski, Andrea and Pad{\'o}, Sebastian and Pinkal, Manfred},
  booktitle={Proceedings of the 5th International Conference on Language Resources and Evaluation (LREC-2006)},
  pages={969--974},
  year={2006}
}

@inproceedings{borin2010past,
  title={The past meets the present in Swedish FrameNet++},
  author={Borin, Lars and Dann{\'e}lls, Dana and Forsberg, Markus and Gronostaj, Maria Toporowska and Kokkinakis, Dimitrios},
  booktitle={14th EURALEX international congress},
  pages={269--281},
  year={2010}
}

@inproceedings{bott2011unsupervised,
  title={An unsupervised alignment algorithm for text simplification corpus construction},
  author={Bott, Stefan and Saggion, Horacio},
  booktitle={Proceedings of the Workshop on Monolingual Text-To-Text Generation},
  pages={20--26},
  year={2011},
  organization={Association for Computational Linguistics}
}

@InProceedings{moretsarfatycoling2016,
  author = {Amir More and Reut Tsarfaty},
  title = {Data-Driven Morphological Analysis and Disambiguation for Morphologically Rich Languages and Universal Dependencies},
  booktitle = {Proceedings of COLING 2016},
  year = {2016},
  month = {december},
  location = {Osaka}
}

@inproceedings{adler06,
    Author = {Adler, Meni and Elhadad, Michael},
    Booktitle = {ACL},
    Crossref = {conf/acl/2006},
    Editor = {Calzolari, Nicoletta and Cardie, Claire and Isabelle, Pierre},
    Ee = {http://aclweb.org/anthology/P06-1084},
    Interhash = {6e302df82f4d7776cc487d5b8623d3db},
    Intrahash = {c7ac3ecfe40d039cd6c9ec855cb432db},
    Keywords = {dblp},
    Publisher = {The Association for Computer Linguistics},
    Timestamp = {2013-08-13T15:11:00.000+0200},
    Title = {An Unsupervised Morpheme-Based HMM for {H}ebrew Morphological
        Disambiguation},
    Url = {http://dblp.uni-trier.de/db/conf/acl/acl2006.html#AdlerE06},
    Year = 2006,
    Bdsk-Url-1 = {http://dblp.uni-trier.de/db/conf/acl/acl2006.html#AdlerE06}}

@inproceedings{kshirsagar2015frame,
  title={Frame-semantic role labeling with heterogeneous annotations},
  author={Kshirsagar, Meghana and Thomson, Sam and Schneider, Nathan and Carbonell, Jaime and Smith, Noah A and Dyer, Chris},
  booktitle={Proceedings of the 53rd Annual Meeting of the Association for Computational Linguistics and the 7th International Joint Conference on Natural Language Processing (Volume 2: Short Papers)},
  volume={2},
  pages={218--224},
  year={2015}
}

@inproceedings{zhou2015end,
  title={End-to-end learning of semantic role labeling using recurrent neural networks},
  author={Zhou, Jie and Xu, Wei},
  booktitle={Proceedings of the 53rd Annual Meeting of the Association for Computational Linguistics and the 7th International Joint Conference on Natural Language Processing (Volume 1: Long Papers)},
  volume={1},
  pages={1127--1137},
  year={2015}
}

@inproceedings{he2017deep,
  title={Deep semantic role labeling: What works and what’s next},
  author={He, Luheng and Lee, Kenton and Lewis, Mike and Zettlemoyer, Luke},
  booktitle={Proceedings of the 55th Annual Meeting of the Association for Computational Linguistics (Volume 1: Long Papers)},
  volume={1},
  pages={473--483},
  year={2017}
}

@inproceedings{fitzgerald2015semantic,
  title={Semantic role labeling with neural network factors},
  author={FitzGerald, Nicholas and T{\"a}ckstr{\"o}m, Oscar and Ganchev, Kuzman and Das, Dipanjan},
  booktitle={Proceedings of the 2015 Conference on Empirical Methods in Natural Language Processing},
  pages={960--970},
  year={2015}
}

@article{surdeanu2007combination,
  title={Combination strategies for semantic role labeling},
  author={Surdeanu, Mihai and M{\`a}rquez, Llu{\'\i}s and Carreras, Xavier and Comas, Pere R},
  journal={Journal of Artificial Intelligence Research},
  volume={29},
  pages={105--151},
  year={2007}
}

@article{toutanova2008global,
  title={A global joint model for semantic role labeling},
  author={Toutanova, Kristina and Haghighi, Aria and Manning, Christopher D},
  journal={Computational Linguistics},
  volume={34},
  number={2},
  pages={161--191},
  year={2008},
  publisher={MIT Press}
}

@article{punyakanok2008importance,
  title={The importance of syntactic parsing and inference in semantic role labeling},
  author={Punyakanok, Vasin and Roth, Dan and Yih, Wen-tau},
  journal={Computational Linguistics},
  volume={34},
  number={2},
  pages={257--287},
  year={2008},
  publisher={MIT Press}
}

@article{tackstrom2015efficient,
  title={Efficient inference and structured learning for semantic role labeling},
  author={T{\"a}ckstr{\"o}m, Oscar and Ganchev, Kuzman and Das, Dipanjan},
  journal={Transactions of the Association for Computational Linguistics},
  volume={3},
  pages={29--41},
  year={2015}
}

@article{gildea2002automatic,
  title={Automatic labeling of semantic roles},
  author={Gildea, Daniel and Jurafsky, Daniel},
  journal={Computational linguistics},
  volume={28},
  number={3},
  pages={245--288},
  year={2002},
  publisher={MIT Press}
}

@MISC{carreras04introductionto,
    author={Carreras, Xavier and M{\`a}rquez, Llu{\'\i}s},
    title={Introduction to the CoNLL-2004 Shared Task: Semantic Role Labeling},
    year={2004}
}

@inproceedings{carreras2005introduction,
  title={Introduction to the CoNLL-2005 shared task: Semantic role labeling},
  author={Carreras, Xavier and M{\`a}rquez, Llu{\'\i}s},
  booktitle={Proceedings of the ninth conference on computational natural language learning},
  pages={152--164},
  year={2005},
  organization={Association for Computational Linguistics}
}

@inproceedings{hermann2014semantic,
  title={Semantic frame identification with distributed word representations},
  author={Hermann, Karl Moritz and Das, Dipanjan and Weston, Jason and Ganchev, Kuzman},
  booktitle={Proceedings of the 52nd Annual Meeting of the Association for Computational Linguistics (Volume 1: Long Papers)},
  volume={1},
  pages={1448--1458},
  year={2014}
}

@inproceedings{yang2013word,
  title={Word alignment modeling with context dependent deep neural network},
  author={Yang, Nan and Liu, Shujie and Li, Mu and Zhou, Ming and Yu, Nenghai},
  booktitle={Proceedings of the 51st Annual Meeting of the Association for Computational Linguistics (Volume 1: Long Papers)},
  volume={1},
  pages={166--175},
  year={2013}
}

@inproceedings{tamura2014recurrent,
  title={Recurrent neural networks for word alignment model},
  author={Tamura, Akihiro and Watanabe, Taro and Sumita, Eiichiro},
  booktitle={Proceedings of the 52nd Annual Meeting of the Association for Computational Linguistics (Volume 1: Long Papers)},
  volume={1},
  pages={1470--1480},
  year={2014}
}

@inproceedings{xue2004calibrating,
  title={Calibrating features for semantic role labeling},
  author={Xue, Nianwen and Palmer, Martha},
  booktitle={Proceedings of the 2004 Conference on Empirical Methods in Natural Language Processing},
  year={2004}
}

@inproceedings{akbik2015generating,
  title={Generating high quality proposition banks for multilingual semantic role labeling},
  author={Akbik, Alan and Danilevsky, Marina and Li, Yunyao and Vaithyanathan, Shivakumar and Zhu, Huaiyu and others},
  booktitle={Proceedings of the 53rd Annual Meeting of the Association for Computational Linguistics and the 7th International Joint Conference on Natural Language Processing (Volume 1: Long Papers)},
  volume={1},
  pages={397--407},
  year={2015}
}

@inproceedings{van2011scaling,
  title={Scaling up automatic cross-lingual semantic role annotation},
  author={Van der Plas, Lonneke and Merlo, Paola and Henderson, James},
  booktitle={Proceedings of the 49th Annual Meeting of the Association for Computational Linguistics: Human Language Technologies: short papers-Volume 2},
  pages={299--304},
  year={2011},
  organization={Association for Computational Linguistics}
}

@inproceedings{dyer2013simple,
  title={A simple, fast, and effective reparameterization of ibm model 2},
  author={Dyer, Chris and Chahuneau, Victor and Smith, Noah A},
  year={2013},
  organization={Association for Computational Linguistics}
}

@article{fillmore1976frame,
  title={Frame semantics and the nature of language},
  author={Fillmore, Charles J},
  journal={Annals of the New York Academy of Sciences},
  volume={280},
  number={1},
  pages={20--32},
  year={1976},
  publisher={Wiley Online Library}
}

@book{ruppenhofer2016framenet,
  title={FrameNet II: Extended theory and practice},
  author={Ruppenhofer, Josef and Ellsworth, Michael and Petruck, Miriam RL and Johnson, Christopher R and Scheffczyk, Jan},
  year={2016},
  publisher={Institut f{\"u}r Deutsche Sprache, Bibliothek}
}

@ARTICLE{2018arXiv180205365P,
   author = {{Peters}, M.~E. and {Neumann}, M. and {Iyyer}, M. and {Gardner}, M. and 
	{Clark}, C. and {Lee}, K. and {Zettlemoyer}, L.},
    title = "{Deep contextualized word representations}",
  journal = {ArXiv e-prints},
archivePrefix = "arXiv",
   eprint = {1802.05365},
 primaryClass = "cs.CL",
 keywords = {Computer Science - Computation and Language},
     year = 2018,
    month = feb,
   adsurl = {http://adsabs.harvard.edu/abs/2018arXiv180205365P},
  adsnote = {Provided by the SAO/NASA Astrophysics Data System}
}

@article{fillmore1976frame,
  title={Frame semantics and the nature of language},
  author={Fillmore, Charles J},
  journal={Annals of the New York Academy of Sciences},
  volume={280},
  number={1},
  pages={20--32},
  year={1976},
  publisher={Wiley Online Library}
}

@inproceedings{he2015question,
  title={Question-answer driven semantic role labeling: Using natural language to annotate natural language},
  author={He, Luheng and Lewis, Mike and Zettlemoyer, Luke},
  booktitle={Proceedings of the 2015 conference on empirical methods in natural language processing},
  pages={643--653},
  year={2015}
}

@inproceedings{christensen2010semantic,
  title={Semantic role labeling for open information extraction},
  author={Christensen, Janara and Soderland, Stephen and Etzioni, Oren and others},
  booktitle={Proceedings of the NAACL HLT 2010 First International Workshop on Formalisms and Methodology for Learning by Reading},
  pages={52--60},
  year={2010},
  organization={Association for Computational Linguistics}
}

@article{brown1993mathematics,
  title={The mathematics of statistical machine translation: Parameter estimation},
  author={Brown, Peter F and Pietra, Vincent J Della and Pietra, Stephen A Della and Mercer, Robert L},
  journal={Computational linguistics},
  volume={19},
  number={2},
  pages={263--311},
  year={1993},
  publisher={MIT Press}
}

@inproceedings{papineni2002bleu,
  title={BLEU: a method for automatic evaluation of machine translation},
  author={Papineni, Kishore and Roukos, Salim and Ward, Todd and Zhu, Wei-Jing},
  booktitle={Proceedings of the 40th annual meeting on association for computational linguistics},
  pages={311--318},
  year={2002},
  organization={Association for Computational Linguistics}
}

@article{Ostling2016efmaral,
  title = {Efficient word alignment with {M}arkov {C}hain {M}onte {C}arlo},
  author = {Robert {\"O}stling and J{\"o}rg Tiedemann},
  journal = {Prague Bulletin of Mathematical Linguistics},
  year = {2016},
  month = {October},
  pages = {125--146},
  volume = {106},
  owner = {robert},
  timestamp = {2016.08.26},
  url = {http://ufal.mff.cuni.cz/pbml/106/art-ostling-tiedemann.pdf}
}

@article{bahdanau2014neural,
  title={Neural machine translation by jointly learning to align and translate},
  author={Bahdanau, Dzmitry and Cho, Kyunghyun and Bengio, Yoshua},
  journal={arXiv preprint arXiv:1409.0473},
  year={2014}
}

@article{nivre2007maltparser,
  title={MaltParser: A language-independent system for data-driven dependency parsing},
  author={Nivre, Joakim and Hall, Johan and Nilsson, Jens and Chanev, Atanas and Eryigit, G{\"u}l{\c{s}}en and K{\"u}bler, Sandra and Marinov, Svetoslav and Marsi, Erwin},
  journal={Natural Language Engineering},
  volume={13},
  number={2},
  pages={95--135},
  year={2007},
  publisher={Cambridge University Press}
}

@article{petruck2005towards,
  title={Towards hebrew framenet},
  author={Petruck, Miriam RL},
  year={2005},
  publisher={Citeseer}
}

@article{itai2008language,
  title={Language resources for Hebrew},
  author={Itai, Alon and Wintner, Shuly},
  journal={Language Resources and Evaluation},
  volume={42},
  number={1},
  pages={75--98},
  year={2008},
  publisher={Springer}
}

@inproceedings{goldberg2010easy,
  title={Easy first dependency parsing of modern Hebrew},
  author={Goldberg, Yoav and Elhadad, Michael},
  booktitle={Proceedings of the NAACL HLT 2010 First Workshop on Statistical Parsing of Morphologically-Rich Languages},
  pages={103--107},
  year={2010},
  organization={Association for Computational Linguistics}
}

@article{goldberg2013word,
  title={Word segmentation, unknown-word resolution, and morphological agreement in a hebrew parsing system},
  author={Goldberg, Yoav and Elhadad, Michael},
  journal={Computational Linguistics},
  volume={39},
  number={1},
  pages={121--160},
  year={2013},
  publisher={MIT Press}
}

@inproceedings{mcdonald2005online,
  title={Online large-margin training of dependency parsers},
  author={McDonald, Ryan and Crammer, Koby and Pereira, Fernando},
  booktitle={Proceedings of the 43rd annual meeting on association for computational linguistics},
  pages={91--98},
  year={2005},
  organization={Association for Computational Linguistics}
}

@article{linden2017finnfn,
  title={FinnFN 1.0: The Finnish frame semantic database},
  author={Lind{\'e}n, Krister and Haltia, Heidi and Luukkonen, Juha and Laine, Antti O and Roivainen, Henri and V{\"a}is{\"a}nen, Niina},
  journal={Nordic Journal of Linguistics},
  volume={40},
  number={3},
  pages={287--311},
  year={2017},
  publisher={Cambridge University Press}
}

@article{torrent20133,
  title={3) Behind the Labels: Criteria for defining analytical categories in FrameNet Brasil},
  author={Torrent, Tiago Timponi and Ellsworth, Michael},
  journal={Revista Veredas},
  volume={17},
  number={1-},
  year={2013}
}

@article{bick2011framenet,
  title={A FrameNet for Danish},
  author={Bick, Eckhard},
  year={2011}
}

@inproceedings{zawislawska2008framenet,
  title={A FrameNet for Polish},
  author={Zawis{\l}awska, Magdalena and Derwojedowa, Magdalena and Linde-Usiekniewicz, Jadwiga},
  booktitle={Converging Evidence: Proceedings to the Third International Conference of the German Cognitive Linguistics Association (GCLA’08)},
  pages={116--117},
  year={2008}
}

@inproceedings{tonelli2008frame,
  title={Frame Information Transfer from English to Italian.},
  author={Tonelli, Sara and Pianta, Emanuele},
  booktitle={LREC},
  year={2008}
}

@article{lonneker2008new,
  title={The new FrameNet desktop: A usage scenario for Slovenian},
  author={L{\"o}nneker-Rodman, Birte and Baker, Collin and Hong, Jisup},
  journal={Programme Committee 7},
  pages={147},
  year={2008}
}
